@article{Ionescu2006UniquenessPO,
  title={Uniqueness properties of solutions of Schr{\"o}dinger equations},
  author={A. D. Ionescu and Carlos E. Kenig},
  journal={Journal of Functional Analysis},
  year={2006},
  volume={232},
  pages={90-136}
}

@article{Kenig2003OnUC,
  title={On unique continuation for nonlinear Schr{\"o}dinger equations},
  author={Carlos E. Kenig and Gustavo Ponce and Luis Vega},
  journal={Communications on Pure and Applied Mathematics},
  year={2003},
  volume={56},
  pages={1247-1262}
}

@article{Escauriaza2009TheSH,
  title={The sharp Hardy uncertainty principle for Schr{\"o}dinger evolutions},
  author={Luis Escauriaza and Carlos E. Kenig and Gustavo Ponce and Luis Vega},
  journal={Duke Mathematical Journal},
  year={2009},
  volume={155},
  pages={163-187}
}

@article{Esca2008convexity,
  title={Convexity properties of solutions to the free Schr{\"o}dinger equation with Gaussian decay},
  author={Luis Escauriaza and Carlos E.Kenig and Gustavo Ponce and Luis Vega},
  journal={Mathematical Research Letters},
  volume={15},
  number={5},
  pages={957--971},
  year={2008},
  publisher={International Press of Boston}
}

@article{Lebeau1992ContrleDL,
  title={Contr{\^o}le de l'{\'e}quation de Schr{\"o}dinger},
  author={Gilles Lebeau},
  journal={Journal de Math{\'e}matiques Pures et Appliqu{\'e}es},
  year={1992},
  volume={71},
  pages={267-291}
}

@article{Wang2019ObservabilityAU,
  title={Observability and unique continuation inequalities for the Schr{\"o}dinger equation},
  author={GengshengBB Wang and Ming Wang and Yubiao Zhang},
  journal={Journal of the European Mathematical Society},
  year={2019}
}

@book{Havin2012,
  title={The uncertainty principle in harmonic analysis},
  author={Victor Havin and Burglind Jöricke},
  volume={28},
  publisher={Springer Science \& Business Media},
  year={2012}
}

@article{Jaming2007NazarovsUP,
  title={Nazarov's uncertainty principles in higher dimension},
  author={Philippe Jaming},
  journal={J. Approx. Theory},
  year={2007},
  volume={149},
  pages={30-41}
}

@article{Ming2021,
author = {Ze Li and Ming Wang},
title = {Observability Inequality at Two Time Points for KdV Equations},
journal = {SIAM Journal on Mathematical Analysis},
volume = {53},
number = {2},
pages = {1944-1957},
year = {2021}
}

@article{Bouss1877,
author = {Jean Boussinesq},
title = {Essai sur la théorie des eaux courantes},
journal = {Mémoires présentés par divers savants à l'Acad. Sci. Inst. Nat. France},
volume = {23},
year = {1877},
pages = {1-680}
}

@article{Kort1895,
author = {Diederik Johannes Korteweg and Gustav De Vries},
title = {On the change of form of long waves advancing in a rectangular canal and on a new type of long stationary waves},
journal = {Philos. Mag.},
volume = {39},
year = {1895},
pages = {422-443}
}

@article{Rosier2009ExactBC,
  title={Exact boundary controllability of the nonlinear Schr{\"o}dinger equation},
  author={Lionel Rosier and Bingyu Zhang},
  journal={Journal of Differential Equations},
  year={2009},
  volume={246},
  pages={4129-4153}
}

@article{Huang2020ObservableSP,
  title={Observable sets, potentials and Schr{\"o}dinger equations},
  author={Shanlin Huang and GengshengBB Wang and Ming Wang},
  journal={arXiv: Optimization and Control},
  year={2020}
}

@inproceedings{Lions1988ControlabiliteEP,
  title={Contrôlabilité Exacte, Stabilization et Perturbations de Systèmes Distribuées},
  author={Jacques Louis Lions},
  booktitle={Rech. Math. Appl },
  volume={8},
  year={1988}
}

@article{Wang2021Indiana,
  author={Ming Wang and Ze Li and Shanlin Huang},
  title={Unique continuation inequalities for nonlinear Schr{\"o}dinger equations based on uncertainty principles},
  journal={Indiana Univ. Math. J.},
  year={2021},
  pubstate={inpress}
}

@article{Nazarov1993,
  author={Nazarov, Fedor L'vovich},
  title={Local estimates for exponential polynomials and their applications to inequalities of the uncertainty principle type},
  year={1993},
  journal={Algebra i analiz},
  volume={5},
  number={4},
  pages={3-66}
}

@book{Linares2014Ponce,
  title={Introduction to nonlinear dispersive equations},
  author={Linares, Felipe and Gustavo Ponce},
  publisher={Springer},
  year={2014}
}

@article{Amrein1977OnSP,
  title={On support properties of Lp-functions and their Fourier transforms},
  author={Werner O. Amrein and A. M. Berthier},
  journal={Journal of Functional Analysis},
  year={1977},
  volume={24},
  pages={258-267}
}

@article{Zhang1992UniqueCF,
  title={Unique continuation for the Korteweg-de Vries equation},
  author={Bingyu Zhang},
  journal={Siam Journal on Mathematical Analysis},
  year={1992},
  volume={23},
  pages={55-71}
}

@article{Zhang1997Unique,
  title={Unique continuation properties of the nonlinear Schrödinger equation},
  author={Bingyu Zhang},
  journal={Proceedings of the Royal Society of Edinburgh Section A: Mathematics},
  volume={127},
  number={1},
  year={1997},
  pages={191-205}
}

@article{Escauriaza2007OnUP,
  title={On uniqueness properties of solutions of the k-generalized KdV equations},
  author={Luis Escauriaza and Carlos E. Kenig and Gustavo Ponce and Luis Vega},
  journal={Journal of Functional Analysis},
  year={2007},
  volume={244},
  pages={504-535}
}

@book{SteinShakarchi2010,
  title={Complex Analysis},
  author={Stein, Elias M. and Rami Shakarchi},
  volume={2},
  publisher={Princeton University Press},
  year={2010}
}

@book{Yosida1999,
  title={Functional Analysis, the sixth 1980 edition, Classics Math.},
  author={K. Yosida},
  publisher={Springer-Verlag, Berlin},
  year={1999}
}

@article{Ingham1936,
    title={Some trigonometrical inequalities with applications in the theory of series},
    author={A. E. Ingham},
    volume={41},
    year={1936},
    pages={367-379},
    journal={Math. Z.}
}

@article{Haraux1989,
    title={Séries lacunaires et contrôle semi-interne des vibrations d'une plaque rectangulaire},
    author={A. Haraux},
    volume={68},
    year={1989},
    journal={J. Math. Pures Appl.},
    pages={457-465}
}