
@book{_latex_2013,
	address = {北京},
	title = {{LATEX入门}},
	isbn = {978-7-121-20208-7},
	abstract = {LaTeX 已经成为国际上数学、物理、计算机等科技领域专业排版的实际标准，其他领域（化学、生物、工程、语言学等）也有大量用户。本书内容取材广泛，涵盖了正文组织、自动化工具、数学公式、图表制作、幻灯片演示、错误处理等方面。考虑到LaTeX 也是不断进化的，本书从数以千计的LaTeX 工具宏包中进行甄选，选择较新而且实用的版本来讲解排版技巧。为了方便读者的学习，本书给出了大量的实例和一定量的习题，并且还提供了案例代码。书中的示例大部分来自作者多年的实际排版案例，读者不断练习，肯定能掌握LaTeX 的排版技能。},
	language = {Chinese},
	publisher = {电子工业出版社},
	author = {{刘海洋}},
	year = {2013},
	note = {00003 
OCLC: 910298313},
	file = {LaTeX入门_.pdf:/Users/teainns/Zotero/storage/W6RFGM6W/LaTeX入门_.pdf:application/pdf}
}

@article{oetiker_not_2018,
	series = {Version 6.2},
	title = {The {Not} {So} {Short} {Introduction} to {LATEX} 2ε},
	author = {Oetiker, Tobias and Partl, Hubert and Hyna, Irene and Schlegl, Elisabeth},
	month = feb,
	year = {2018},
	note = {00181},
	pages = {153},
	file = {Oetiker 等。 - The Not So Short Introduction to LATEX 2ε.pdf:/Users/teainns/Zotero/storage/KCSZTV39/Oetiker 等。 - The Not So Short Introduction to LATEX 2ε.pdf:application/pdf}
}

